<?xml version="1.0" encoding="UTF-8"?><collection xmlns="http://www.loc.gov/MARC21/slim"><record><leader>00400nam--2200121-i-4500</leader><controlfield tag="001">000024898</controlfield><controlfield tag="002">20161230</controlfield><controlfield tag="005">20161230201035</controlfield><controlfield tag="008">060222s1000------------r-----000-0-eng-d</controlfield><datafield ind1=" " ind2=" " tag="100"><subfield code="a">Dorn, William S., Mccracken, Daniel D</subfield></datafield><datafield ind1=" " ind2=" " tag="245"><subfield code="a">Numerical methods and fortran programming, with applications in engineering and science</subfield></datafield><datafield ind1=" " ind2=" " tag="260"><subfield code="a">New York, John Wiley And Sons, Inc., 1968. Xii + 457 P</subfield></datafield><datafield ind1=" " ind2=" " tag="852"><subfield code="a">36013</subfield></datafield></record></collection>